@article{LISP,
 author = {McCarthy, J.},
 title = {Recursive Functions of Symbolic Expressions and Their Computation by Machine, Part {I}},
 journal = {Commun. {ACM}},
 volume = {3},
 number = {4},
 year = {1960},
 pages = {184--195},
} 

@book{K+R,
 author = {Kernighan, B. W. and Ritchie, D. M.},
 title = {The  C Programming Language},
 year = {1988},
 edition = {2nd},
} 

@inproceedings{cyclone,
 author = {Jim, T. and Morrisett, J. G. and Grossman, D. and Hicks, M. W. and Cheney, J. and Wang, Y.},
 title = {Cyclone: A Safe Dialect of {C}},
 booktitle = {Proc. {USENIX}},
 year = {2002},
 pages = {275--288},
} 

@book{rust,
  author = {The Rust Project Developers},
  title = {The Rust Programming Language},
  note = {\url{https://doc.rust-lang.org/book}},
  year = 2011,
}

@inproceedings{Go4,
 author = {Benton, P. N. and Bierman, G. M. and de Paiva, V. and Hyland, M.},
 title = {A Term Calculus for Intuitionistic Linear Logic},
 booktitle = {Proc. Int. Conf. Typed Lambda Calculi and Applications},
 year = {1993},
 pages = {75--90},
}

@article{girard,
 author = {Girard, J.-Y.},
 title = {Linear logic},
 journal = {Theoretical Computer Science},
 volume = 50,
 number = 1,
 pages = {1--102},
 year = 1987,
}

@inproceedings{walker,
  author = {Walker, D.},
  year = 2002,
  title = {Substructural Type Systems},
  editor = {Pierce, B. C.},
  booktitle = {Advanced Topics in Types and Programming Languages},
  publisher = {MIT Press},
  pages = {3-43},
}

@article{regions,
 author = {Tofte, M. and Talpin, J.-P.},
 title = {Region-Based Memory Management},
 journal = {Inf. Comput.},
 volume = {132},
 number = {2},
 year = {1997},
 pages = {109--176},
} 

@misc{josephine,
  author = {Jeffrey, A.S.A.},
  year = 2017,
  title = {Josephine},
  note = {\url{https://github.com/asajeffrey/josephine}},
}

@article{l3,
  title = {L3: A Linear Language with Locations},
  author = {A. Ahmed and M. Fluet and G. Morrisett},
  journal = {Fundamenta Informaticae},
  volume = 77,
  number = 4,
  pages = {397--449},
  year = 2007,
}

@inproceedings{l3-with-regions,
  title = {Linear Regions Are All You Need},
  author = {M. Fluet and G. Morrisett and A. Ahmed},
  booktitle = {Proc. European Symp. Programming},
  pages = {7-21},
  year = {2006},
}

@misc{spidermonkey,
  key = {SpiderMonkey},
  title = {SpiderMonkey},
  note = {\url{https://developer.mozilla.org/en-US/docs/Mozilla/Projects/SpiderMonkey}},
}

@book{rustinomicon,
  title = {The Rustinomicon},
  author = {The Rust Project Developers},
  note = {\url{https://doc.rust-lang.org/beta/nomicon/}},
  year = 2011,
}

@inproceedings{mixed,
  title = {A Mixed Linear and Non-linear Logic: Proofs, Terms and Models},
  author = {N. Benton},
  booktitle = {Proc. Computer Science Logic},
  pages = {121-135},
  year = 1995,
}

@misc{servo,
  title = {Servo, the Parallel Browser Engine Project},
  key = {The Servo Project Developers},
  note = {\url{https://servo.org/}},
  }

@book{too-many-lists,
  author = {A. Beingessner and others},
  title = {Learning {Rust} With Entirely Too Many Linked Lists},
  note = {\url{http://cglab.ca/~abeinges/blah/too-many-lists/book/}},
}

@misc{rust-gc,
  author = {M. Goregaokar and M. Layzell},
  title = {Designing a {GC} in {Rust}},
  note = {\url{https://manishearth.github.io/blog/2015/09/01/designing-a-gc-in-rust/}},
  year = 2015,
  }

@misc{servo-gc,
  author = {J. Matthews and K. McAllister},
  title = {JavaScript: {Servo}'s only garbage collector},
  note = {\url{https://research.mozilla.org/2014/08/26/javascript-servos-only-garbage-collector/}},
  year = 2014,
  }

@article{linear-lisp,
 author = {Baker, H. G.},
 title = {Lively Linear {Lisp}: ``Look Ma, No Garbage!''},
 journal = {{SIGPLAN} Not.},
 volume = {27},
 number = {8},
 year = {1992},
 pages = {89--98},
} 

@inproceedings{alms,
  author = {J. A. Tov and R. Pucella},
  title = {Practical Affine Types},
  booktitle = {Proc. ACM Symp. Principles of Programming Languages},
  year = 2011,
  pages = {447-458},
  }

@article{linear-haskell,
 author = {Bernardy, J.-P. and Boespflug, M. and Newton, R. R. and Peyton Jones, S. and Spiwack, A.},
 title = {Linear Haskell: Practical Linearity in a Higher-order Polymorphic Language},
 journal = {Proc. ACM Program. Lang.},
 volume = {2},
 number = {POPL},
 year = {2017},
 pages = {5:1--5:29},
}

@misc{linear-ocaml,
  author = {G. Munch-Maccagnoni},
  title = {Resource Polymorphism},
  year = 2018,
  note = {arXiv:1803.02796 [cs.PL]},
  }

@misc{v8-embedding,
  title = {V8 Embedder's Guide},
  key = {V8},
  note = {\url{https://github.com/v8/v8/wiki/Embedder\%27s-Guide}},
  }

@misc{compartments,
  author = {Andreas Gal},
  title = {Compartments},
  year = 2010,
  note = {\url{https://andreasgal.com/2010/10/13/compartments/}},
  }

@misc{typescript,
  title = {TypeScript},
  key = {TypeScript},
  note = {\url{https://www.typescriptlang.org/}},
  }